
@InProceedings{Gil2000,
  author = 	 {Gil, J. and Kimmel, R. },
  title = 	 {Efficient Dilation, Erosion, Opening and Closing Algorithms},
  booktitle = 	 {Mathematical Morphology and its Applications to Image and Signal Processing},
  pages =	 {301-310},
  year =	 2000,
  publisher =	 {Kluwer Acad. Pub}
}


@Article{Gil1993,
  author = 	 {Gil, J. and Werman, M.},
  title = 	 {Computing 2-D min, median, and max filters},
  journal = 	 {IEEE Transactions on Pattern Analysis and Machine Intelligence},
  year = 	 1993,
  volume =	 15,
  number =	 5,
  pages =	 {504-507},
  month =	 {May}
}

@Article{vanHerk1992a,
  author = 	 {van Herk, M.},
  title = 	 {A fast algorithm for local minimum and maximum filters on rectangular and octagonal kernels},
  journal = 	 {Pattern Recognition Letters},
  year = 	 1992,
  volume =	 13,
  number =	 7,
  pages =	 {517-521},
  month = 	 {July}
}

@Article{Adams93,
  author = 	 {Adams, R.},
  title = 	 {Radial Decomposition of Discs and Spheres},
  journal = 	 {CVGIP: Graphical models and image processing},
  year = 	 1993,
  volume =	 55,
  number =	 5,
  pages =	 {325-332},
  month =	 {September}
}

@article{Vandroogenbroeck96.3,
author = {M. {Van Droogenbroeck} and H. Talbot},
pages = {1451-1460},
pdf = {http://www.ulg.ac.be/telecom/publi/publications/mvd/anydila.pdf},
volume = 17,
number = 14,
year = 1996,
title = {Fast Computation of morphological operations with arbitrary structuring elements},
keywords = {Image processing, Mathematical morphology, Algorithm, Erosion, Opening},
journal = {Pattern Recognition Letters} 
}
@article{Vandroogenbroeck2005Morphological,
year = {2005},
author = {M. {Van Droogenbroeck} and M. Buckley},
title = {Morphological erosions and openings: fast algorithms based on anchors},
month = {May},
pdf = {http://www.ulg.ac.be/telecom/publi/publications/mvd/Vandroogenbroeck2005Morphological.pdf},
volume = {22},
journal = {Journal of Mathematical Imaging and Vision, Special Issue on Mathematical Morphology after 40 Years},
number = {2-3},
pages = {121-142},
note = {Algorithms in ANSI C code are available in libmorpho},
keywords = {Image processing, Mathematical morphology, Algorithm, Opening} 
}

@Article{Huang79,
  author = 	 {Huang, T.S. and Yang, G.Y. and Tang, G.Y.},
  title = 	 {A fast two-dimensional median filtering algorithm},
  journal = 	 {IEEE Transactions on Acoustics, Speech and Signal Processing},
  year = 	 1979,
  volume =	 27,
  pages =	 {13-18}
}

@Article{Narendra81,
  author = 	 {Narendra, P.M.},
  title = 	 {A separable median filter for image noise smoothing},
  journal = 	 {IEEE Transactions on Pattern Analysis and Machine Intelligence},
  year = 	 1981,
  volume =	 3,
  pages =	 {20-29}
}

@inproceedings{Crow84,
 author = {Crow, F.C.},
 title = {Summed-area tables for texture mapping},
 booktitle = {SIGGRAPH '84: Proceedings of the 11th annual conference on Computer graphics and interactive techniques},
 year = {1984},
 isbn = {0-89791-138-5},
 pages = {207--212},
 doi = {http://doi.acm.org/10.1145/800031.808600},
 publisher = {ACM Press},
 address = {New York, NY, USA},
 }

@Article{Viola2004,
  author = 	 {Viola, P. and Jones, M.},
  title = 	 {Robust Real-Time Face Detection},
  journal = 	 {International Journal of Computer Vision},
  year = 	 2004,
  volume =	 57,
  number =	 2,
  pages =	 {137-154}
}

@misc{DarcsWebSite,
  howpublished = "\url{http://www.darcs.net}"
}

@Article{WrapITK,
   author =       {Ga\"etan Lehmann, Zachary Pincus and Benoit Regrain},
   title =        {WrapITK - Enhanced languages support for the Insight Toolkit},
   year =         {2006},
   journal =      {Insight Journal},
   month =        {January - June}
}

